@inproceedings{zhou2006folsom,
  title={Folsom: A fast and memory-efficient phrase-based approach to statistical machine translation},
  author={Zhou, Bowen and Chen, Stanley F and Gao, Yuqing},
  booktitle={Spoken Language Technology Workshop, 2006. IEEE},
  pages={226--229},
  year={2006},
  organization={IEEE} 
}

@inproceedings{jyoth12,
	author = {P. Jyoth and L. Johnson and C. Chelba and B. Strope. },
	title = {Large-scale Discriminative Language Model Reranking for Voice-Search.},
	year = {2012},
	pages={41--49},
	booktitle={Proc. {WLM (NAACL)}}
}

@inproceedings{parada11,
	author = {Carolina Parada and Mark Dredze and Abhinav Sethy and Ariya Rastrow},
	title = {Learning Sub-Word Units for Open Vocabulary Speech Recognition},
	year = {2011},
	pages={712--721},
    booktitle={Proc. {ACL}}
    }

@article{witten91,
  author = {Witten, I.H. and Bell, T.C.},
  journal = {IEEE Transactions on Information Theory},
  number = 4,
  title = { The zero-frequency problem: Estimating the probabilities of novel events in adaptive text compression},
  volume = 37,
  year = 1991
}

@inproceedings{rastrow09,
    author = {Ariya Rastrow and Abhinav Sethy and Bhuvana Ramabhadran and Frederick Jelinek},
    title = {Towards Using Hybrid Word and Fragment Units for Vocabulary Independent {LVCSR} Systems},
    year = {2009},
    pages={1931--1934},
    booktitle={Proc. {Interspeech}}
    }

@misc{mohri:llwrk,
  Author = {Mehryar Mohri},  
  Title = {Learning Languages with Rational Kernels},
  year = {2009}
}



@book{skiena08,
 author = {S. S. Skiena},
 title = {The Algorithm Design Manual},
 year = {2008},
 edition = {2nd},
 publisher = {Springer},
}

@inproceedings{schalkwyk03,
    author = {J. Schalkwyk and I. L. Hetherington and E. Story},
    title = {Speech Recognition with Dynamic Grammars using Finite-State Transducers},
    year = {2003},
    pages={1969--1972},
    booktitle={Proc. {Eurospeech}}
    }

@inproceedings{hetherington05,
    author = {I. Lee Hetherington},
    title = {A Multi-Pass, Dynamic-Vocabulary Approach to Real-Time, Large-Vocabulary Speech Recognition},
    year = {2005},
    pages={545--548},
    booktitle={Proc. {Interspeech}}
    }
    
@inproceedings{chung04,
    author = {G. Chung, S. Seneff, C. Wang, and L. Hetherington},
    title = {A Dynamic Vocabulary Spoken Dialogue Interface},
    year = {2004},
    pages={327--330},
    booktitle={Proc. {Interspeech}}
    }

@inproceedings{bulyko01unitselection,
    author = {Bulyko, I and Ostendorf, M},
    title = {Unit Selection for Speech Synthesis Using Splicing Costs with Weighted Finite State Transducers},
    year = {2001},
    pages={987--990},
    booktitle={Proc. {EUROSPEECH}}
    }

@inproceedings{bulyko01unitselection,
    author = {Bulyko, I and Ostendorf, M},
    title = {Unit Selection for Speech Synthesis Using Splicing Costs with Weighted Finite State Transducers},
    year = {2001},
    pages={987--990},
    booktitle={Proc. {EUROSPEECH}}
    }

@INPROCEEDINGS{allauzen2004,
    author = {Allauzen, C. and Mohri, M. and Riley, M.},
    title = {Statistical Modeling for Unit Selection in Speech Synthesis},
    year = {2004},
 		pages = {55--62},
 		booktitle = {Proc. of 42st Annual Meeting of the Assocication for Computational Linguistics},
}

@INPROCEEDINGS{allauzen09,
    author = {Allauzen, C. and Riley, M. and Schalkwyk, J.},
    title = {A Generalized Composition Algorithm for Weighted Finite-State Transducers},
    year = {2000},
    pages = {1203--1206},
    booktitle = {Proc. Interspeech},
}

@inproceedings{hsu09,
    author = {Bo-June, Hsu and Glass, J.},
    title = {Iterative Language Model Estimation: Efficient Data Structure \& Algorithms},
    pages = {841--844},
    booktitle = {Proc. Interspeech},
    year = {2008}
}

@inproceedings{stolcke02,
    author = {Stolcke, A.},
    title = {{SRILM} -- An Extensible Language Modeling Toolkit},
    pages = {901--904},
		booktitle = {Proc. {ICSLP}},
    year = {2002}
}

@inproceedings{caseiro02,
    author = {Diamantino Caseiro and Isabel Trancoso},
    title = { Using Dynamic {WFST} Composition for Recognizing Broadcast News},
    pages = {1301--1304},
		booktitle = {Proc. {ICSLP}},
    year = {2002}
}


@inproceedings{webasr,
    author = {T. Hain and A. El Hannani and S.N. Wri.gley and V. Wan },
    title = {Automatic speech recognition for scientific purposes -- {webASR}},
    pages = {22--26},
		booktitle = {Proc. {ICSLP}},
    year = {2008}
}

@inproceedings{wami,
 author = {Gruenstein, A. and McGraw, I. and Badr, I. },
 title = {The {WAMI} toolkit for developing, deploying, and evaluating web-accessible multimodal interfaces},
 booktitle = {Proc. IMCI},
 year = {2008}, 
 pages = {141--148}
 }


@inproceedings{novak09,
    author = {Josef R. Novak and Edward W. D. Whittaker and Sadaoki Furui},
    title = {EVALUATION OF A {WFST}-BASED {ASR} SYSTEM FOR TRAIN TIMETABLE INFORMATION},
		year = {2009},
    pages = {648--651},
		booktitle = {Proc. {APSIPA}}
}

@InProceedings{kawasaki09,
  author = {T. Kawasaki and T. Oonishi and S. Furui},
  title =  {Voice-based direct manipulation for {3D} interface},
  booktitle = {Proc. Interaction},
  year =   {2009},
  month =  {Januray},  
}
Voice-based direct manipulation for 3D interface

@InProceedings{bilmes06,
  author = {J. Bilmes and J. Malkin and X. Li and S. Harada and K. Kilanski and K. Kirchhoff and R. Wright and A. Subramanya and J. Landay and P. Dowden and H. Chizeck},
  title =  {The {Vocal} {Joystick}},
  booktitle = {Proc. IEEE ICASSP},
  year =   {2006},
  month =  {May},
  location = {Toulouse, France}
}



@inproceedings{willet01,
author={Daniel Willett and Erik McDermot and Yasuhiro Minami and Shigeru Katagiri},
title={ Language Model Synchronization for Improved Beam-search Performance in Large Vocabulary Continuous Speech Recognition},
booktitle={Proc. ASJ Autumn Meeting},
year={2001},
pages={99--100}
}

@inproceedings{hori2008,
author={Hori, C. and  Ohtake, K. and Misu, T. and  Kashioka, H. and  Nakamura, S.},
title={ A Statistical Approach to Expandable Spoken Dialog Systems using {WFSTs}},
booktitle={Universal Communication, 2008. ISUC '08. Second International Symposium on},
year={2008},
pages={24--27}
}

@ARTICLE{mohri00thedesign,
    author = {Mohri, M .and Pereira, F. and Pereira, O. and Riley, M.},
    title = {The Design Principles of a Weighted Finite-State Transducer Library},
    journal = {Theoretical Computer Science},
    year = {2000},
    volume = {231},
    pages = {17--32}
}


@inproceedings{itou1999jnas,
author={K. Itou and M. Yamamoto and K. Takeda and T. Takezawa and T. Matsuoka and T. Kobayashi and K. Shikano and S. Itahashi},
title={ {JNAS}: Japanese speech corpus for large vocabulary continuous speech recognition research},
booktitle={J.Acoust. Soc. Jpn.(E)},
year={1999},
pages={199--206}
}


@article{Dolfing2001onthefly,
author = "Dolfing, Hans. J. G. A and I.Lee Hetherington",
title="Incremental language models for speech recognition using finite-state transducers",
journal="Proc. ASRU",
pages="194-197",
year=" 2001",
}

@article{back-offsmoothing,
author = "Katz, S. M.",
title="Estimation of probabilities from sparse data for the language model component of a speech recognizer",
journal="IEEE Transactions on Acoustics, Speech, and Signal Processing",
volume="35",
number="3",
pages="400-401",
year=" 1987",
}

@ARTICLE{Mangu00findingconsensus,
    author = {Mangu, L. and Brill, E. and Stolcke, A.},
    title = {Finding Consensus in Speech Recognition: Word Error Minimization and Other Applications of Confusion Networks},
    year = {2000},
    journal= {Computer Speech and Language},
    volume="14",
		number="4",
		pages="373-400"
}

@INPROCEEDINGS{Mohri02anefficient,
    author = {Mohri, M. and Riley, M.},
    title = {An Efficient Algorithm for the n-Best-Strings Problem},
    booktitle = {Proc. {ICSLP ï¿½02}},
    year = {2002}
}


@inproceedings{caseiro02graphemetophone,
  author = "D. Caseiro and I. Trancoso and L. Oliveira and C. Viana",
  title = "Grapheme-to-phone using finite state transducers",
  booktitle={Proc. 2002 IEEE Workshop on Speech Synthesis},
  year = "2002"
  }
  
@inproceedings{aubert89,
author={X.L. Aubert},
booktitle={Proc. ICASSP},
title={Fast look-ahead pruning strategies in continuous speech recognition },
year={1989},
pages={659--662}
}

@InProceedings{matusov:2006:icassp,
author= {Matusov, E. and Kanthak, S. and Ney, H.},
title= {Integrating Speech Recognition and Machine Translation: Where Do We Stand?},
booktitle= {Proc. {ICASSP}},
year= 2006,
pages= {1217--1220}
}

@INPROCEEDINGS{kanthak02,
    author = {Kanthak, S. and Ney, H. and Riley, M. and Mohri, M.},
    title = {A Comparison Of Two {LVR} Search Optimization Techniques},
    booktitle = {Proc. {ICSLP}},
    year = {2002},
    pages = {1309--1312}
}

@ARTICLE{aubert02anoverview,
  AUTHOR =       "Xavier L. Aubert",
  TITLE =        "An overview of decoding techniques for large vocabulary continuous speech recognition",
  JOURNAL =      "Computer Speech and Language",
  YEAR =         "2002",
  volume =       "16",
  number =       "1",
  pages =        "89--114"
}

@ARTICLE{
mohri02weightedfstin,
  AUTHOR =       "M. Mohri and F. Pereira and M. Riley",
  TITLE =        "Weighted finite-state transducers in speech recognition",
  JOURNAL =      "Computer Speech and Language",
  YEAR =         "2002",
  volume =       "16",
  number =       "1",
  pages =        "69--88"
}

@ARTICLE{caseiro06,
  AUTHOR =       "Caseiro, D. A. and Trancoso, I.",
  TITLE =        "A Specialized On-the-Fly Algorithm for Lexicon and Language Model Composition",
  JOURNAL =      "IEEE Transactions on Audio, Speech, and Language Processing",
  YEAR =         "2006",
  volume =       "14",
  number =       "4",
  pages =        "1281--1291"
}

@inproceedings{lee2001,
  author = {Lee, A and Kawahara, T and Shikano, K},
  title = {Julius --- An Open Source Real-time Large Vocabulary Recognition Engine},
  booktitle = {Proc. {EUROSPEECH}},
  pages = {1691--1694},
  year = {2001}
}


@inproceedings{allauzen03,
  author = {Allauzen, C. and Mohri, M and Roark, B.},
  title = {Generalized Algorithms for Constructing Statistical Language Models},
  booktitle = {Proc. of 41st Annual Meeting of the Assocication for Computational Linguistics},
  pages = {40--47},
  year = {2003}
}

@inproceedings{hiraki2008initial,
  author = {K. Hiraki and T. Shinozaki and K. Iwano and A. Betkowska, K. Shinoda and S. Furui},
  title = {Initial evaluation of the driver's {J}apanese speech corpus in a car environment},
  booktitle = {IEICE Technical Reports, Asian Workshop on speech science and Technology},
  pages = {93--98},
  year = {2008}
}

@article{Ortmanns96language-modellook-ahead,
    author = {S. Ortmanns and H. Ney and A. Eiden},
    title = {Language-Model Look-Ahead for Large Vocabulary Speech Recognition},
    journal = {Proc. Spoken Language Processing},
    year = {1996},
    pages = {2095--2098}
}

@inproceedings{dixon2007,
  author = {P. R. Dixon and D. A. Caseiro and T. Oonishi and S. Furui},
  title = {The {T}itech Large Vocabulary {WFST} Speech Recognition System},
  booktitle = {Proc. {ASRU}},
  pages = {1301--1304},
  year = 	2007}  
}

@misc{dotnet,
  Author = {Microsoft Corporation},
  HowPublished = {\url{http://msdn.microsoft.com/en-gb/library/a4t23ktk.aspx}},  
  Title = {Overview of the {.NET} Framework}  
}

@misc{flash,
  Author = {Adobe Corporation},
  HowPublished = {\url{http://www.adobe.com/products/flashplayer//}},  
  Title = {Adobe Flash Player}  
}

@misc{alchemy,
  Author = {Adobe Corporation},
  HowPublished = {\url{http://labs.adobe.com/technologies/alchemy/}},  
  Title = {Alchemy}  
}

@misc{subbit,
  Author = {Jonathan Blow},
  HowPublished = {\url{http://number-none.com/product/Packing\%20Integers/index.html}},  
  Title = {Packing Integers}  
}

@misc{parallelfx,
  Author = {Microsoft Corporation},
  HowPublished = {\url{http://msdn.microsoft.com/en-us/library/dd460693\%28VS.100\%29.aspx}},  
  Title = {Parallel Programming in the .NET Framework}  
}

@misc{silverlight,
  Author = {Microsoft Corporation},
  HowPublished = {\url{http://msdn.microsoft.com/en-us/bb187358.aspx}},  
  Title = {Silverlight Overview}  
}


@misc{Vertanen06,
  Author = {Keith Vertanen},
  HowPublished = {\url{www.inference.phy.cam.ac.uk/is/papers/baseline_wsj_recipes.pdf}},
  Publisher = {Technical report, Cavendish Laboratory, University of Cambridge},
  Title = {Baseline {WSJ} Acoustic Models for {HTK} and Sphinx: Training Recipes and Recognition Experiments},
  Year = {2006}
}

@article{dixonpcsl2009,
    author = {P.R. Dixon and T. Oonishi and S. Furui. },
    title = {Harnessing Graphics Processors for the Fast Computation of Acoustic Likelihoods in Speech Recognition},
    journal = {Computer Speech Language},
    year = {2009},
    pages = {510--516}
}

@book{htkbook,
  Author = {Young, S. and Evermann, G. and Kershaw, D. and Moore, G. and Odell, J. and Ollason, D. and Valtchev, V. and Woodland, P. },
  Publisher = {Cambridge University Engineering Department},
  Title = {The {HTK} Book (for {HTK} Version 3.2)},
  Year = {2006}
}

@InProceedings{openfst,
 author =       {Allauzen, C. and Riley, M and Schalkwyk, J. and  Skut, W. and Mohri, M.},
 title =        {Open{F}st: A General and Efficient Weighted Finite-State Transducer Library},
 booktitle = {Proc. of CIAA 2007},
 pages =        {11-23},
 year =         {2007}
 }

@INPROCEEDINGS{Mohri98arational,
    author = {Mohri, M and Pereira, F. and Pereira, O. and Riley, M.},
    title = {A Rational Design for a Weighted Finite-State Transducer Library},
    booktitle = {Lecture Notes in Computer Science},
    year = {1998},
    pages = {144--158}
}

@inproceedings{owen05,
 author = {G. S. Owen and Y. Zhu and J. Chastine and B. R. Payne},
 title = {Teaching programmable shaders: lightweight versus heavyweight approach},
 booktitle = {SIGGRAPH '05: ACM SIGGRAPH 2005 Educators program},
 year = {2005},
 pages = {40}
}

 @inproceedings{Owens:2005:ASO,
	title	=	{A Survey of General-Purpose Computation on Graphics Hardware},
	booktitle	=	{Eurographics 2005, State of the Art Reports},
	author	=	{J. D. Owens AND D. Luebke AND N. Govindaraju AND M. Harris AND J. Kru"ger AND A. E. Lefohn AND T. J. Purcell},
	year	=	{2005},
	pages	=	{21--51}
}

@inproceedings{murat2002captioning,
  author = {M. Saraclar and M. Riley and E. Bocchieri and V. Goffin},
  title = {Towards Automatic Closed Captioning : Low Latency Real Time Broadcast News Transcription},
  booktitle = {Proc. {ICSLP}},
  pages = {1741--1744},
  year = 	2002}  
}

@inproceedings{maekawa03corpusof,
  author = {K. Maekawa},  
  title = {Corpus of Spontaneous {J}apanese: Its design and evaluation},
  booktitle = {Proc. {ISCA} and {IEEE} Workshop on Spontaneous Speech Processing and Recognition},
  pages = {7--12},
  year = {2003}
}

@inproceedings{kawahara03,
  author = {T. Kawahara and H. Nanjo and T. Shinozaki and S. Furui},  
  title = {Benchmark test for speech recognition using the corpus of spontaneous {J}apanese},
  booktitle = {Proc. {ISCA} and {IEEE} Workshop Spontaneous Speech Processing and Recognition},
  pages = {135--138},
  year = {2003}
}


@inproceedings{hori05,
  author = {T. Hori and A. Nakamura},  
  title = {Generalized fast on-the-fly composition algorithm for {WFST}-based speech recognition},
  booktitle = {Proc. {  Interspeech}},
  pages = {847--850},
  year = {2005}
}

@inproceedings{hori04,
  author = {Takaaki  Hori and Chiori  Hori and Yasuhiro  Minami},  
  title = {Fast on-the-fly composition for weighted finite-state transducers in 1.8 million-word vocabulary continuous speech recognition},
  booktitle = {Proc. {  Interspeech}},
  pages = {289--292},
  year = {2004}
}

@TechReport{sj89token,
  author = "S.J. Young and N.H. Russell and J.H.S. Thornton ",
  title = "Token Passing: A Simple Conceptual Model for Connected Speech Recognition Systems",  
  institution = "Cambridge University Engineering Department",
  year = "1989",
}

@inproceedings{saon05,
 author = {G. Saon and D. Povey and G. Zweig},
 title = {Anatomy of an extremely fast {LVCSR} decoder},
 booktitle = {Proc. {  Interspeech}},
 pages = {549--552},
 year =  {2005}
}

@inproceedings{saon03,
 author = {G. Saon and G. Zweig and B. Kingsbury and L. Mangu and U. Chaudhar},
 title = {An Architecture for Rapid Decoding of Large Vocabulary Conversational Speech},
 booktitle = {Proc. {EUROSPEECH}},
 pages = {1977--1980},
 year =  {2003}
}

@Article{manocha05,
 author = "D. Manocha",
 title = "General-Purpose Computations Using Graphics Processors",
 journal = "Computer",
 year = 2005,
 volume = "38",
 pages = "85-88"
 }


@misc{cudaguide,
author={{NVIDIA Corporation}},
title={{NVIDIA} {CUDA} Compute Unified Device Architecture Programming Guide},
year={2007}
}


@ARTICLE{furui86,
	title={Speaker-independent isolated word recognition using dynamic features of speech spectrum},
	author={S. Furui},
	journal={IEEE Transactions on Acoustics, Speech, and Signal Processing},
	year={1986},
	volume={34},
	number={1},
	pages={52--59}}


@ARTICLE{cellbb,
title={Synergistic Processing in Cell's Multicore Architecture},
author={ Gschwind, M. and Hofstee, H.P. and Flachs, B. and Hopkins, M. and Watanabe, Y. and Yamazaki, T.},
journal={Micro, IEEE},
year={2006},
volume={26},
number={2},
pages={ 10-24},
keywords={null Cell Broadband Engine, multicore architecture, synergistic processing},
doi={10.1109/MM.2006.41},
ISSN={0272-1732}}

@INPROCEEDINGS{brants07,
    author = {Thorsten Brants and Ashok C. Popat and Peng Xu and Franz J. Och and Jeffrey Dean and Google Inc},
    title = {Large Language Models in Machine Translation},
    booktitle = {Proc. {EMNLP}},
    year = {2007},
    pages = {858--867}
}

@inproceedings{knill96,
    author = "K. Knill and M. Gales and S. J. Young",
    title = "Use of Gaussian Selection in Large Vocabulary Continuous Speech Recognition Using {HMMs}",
    booktitle = "Proc. {ICSLP}",
    pages = "470--473",
    year = "1996"}

@inproceedings{chan04,
    author = "A. Chan and R. Mosur and A. Rudnicky and J. Sherwani",
    title = "Four-Layer Categorization Scheme of Fast {GMM} Computation Techniques in Large Vocabulary Continuous Speech Recognition Systems",
    booktitle = "Proc. {  Interspeech}",
    pages = "689--692",
    year = "2004"
    }

@inproceedings{goffin05,

title={The {AT\&T} {WATSON} Speech Recognizer},
author={ Goffin, V. and Allauzen, C. and Bocchieri, E. and Hakkani-Tur, D. and Ljolje, A. and Parthasarathy, S. and Rahim, M. and Riccardi, G. and Saraclar, M.},
booktitle={Proc. {ICASSP}},
year={2005},
pages={ 1033--1036},
}

@inproceedings{shi08,
    author = "Yu Shi and Frank Seide and Frank K. Soong",
    title = "{GPU}-Accelerated Gaussian Clustering for fMPE Discriminative Training",
    booktitle = "Proc. {  Interspeech}",
    pages = "689--692",
    year = "2008"
    }

@article{Chen06,
	author = {Chen, S. F.  and Kingsbury, B.  and Mangu, Lidia   and Povey, D.  and Saon, G.  and Soltau, H.  and Zweig, G. },
	citeulike-article-id = {1127525},
	journal = {{IEEE} Transactions on Audio, Speech, and Language Processing},
	number = {5},	
	pages = {1596--1608},
	title = {Advances in speech transcription at {IBM} under the {DARPA} {EARS} program},
	volume = {14},
	year = {2006}
}



@INPROCEEDINGS{dolfing01,
    author = {Dolfing, Hans J. G. A. and Hetherington, I. Lee},
    title = {Incremental Language Models For Speech Recognition Using Finite-State Transducers},
   pages = {194--197},
    booktitle = {Proc {ASRU}},
    year = {2001}
}

@INPROCEEDINGS{allauzen04,
    author = {Allauzen, C. and Mohri, M. and Riley, M. and Roark, B.},
    title = {A generalized construction of integrated speech recognition transducers},
		pages = {761--764},
    booktitle = {Proc {ICASSP}},
    year = {2004}
}

@INPROCEEDINGS{cheng07,
	author = {Octavian Cheng and John Dines and Mathew Magimai Doss},
	title = {A Generalized Dynamic Composition Algorithm of Weighted Finite State Transducers for Large Vocabulary Speech Recognition},
	year = {2007},
	booktitle = {Proc {ICASSP}},
	pages = {348--351}
}


@article{benyassine1997,
 author = {A. Benyassine and E. Shlomot and H. Y. Su and D. Massaloux and C. Lamblin and J. P Petit},
 title = {{ITU-T} Recommendation {G.729} Annex {B}: a silence compression scheme for use with {G.729} optimized for {V.70} digital simultaneous voice and data applications},
 journal = {{IEEE} Communications Magazine},
 volume = {35},
 number = {9},
 year = {1977},
 pages = {64--73},
 }

@inproceedings{chelba10,
    author = "C. Chelba and J. Schalkwyk and T. Brants and  V. Ha and  B. Harb and W. Neveitt and C. Parada and P. Xu",
    title = "Query Language Modeling for Voice Search",
    booktitle = "Proc. {IEEE} Workshop on Spoken Language Technology",
    pages = "127--132",
    year = "2010"
    } 



@inproceedings{sak10,
    author = "Hasim Sak and Murat Saraclar and Tunga Gungor",
    title = "On-the-Fly Lattice Rescoring for Real-Time Automatic Speech Recognition",
    booktitle = "Proc. {  Interspeech}",
    pages = "2450--2453",
    year = "2010"
    }

@inproceedings{oonishi08,
    author = "Oonishi, T.  and Dixon, P. R. and Iwano, K. and Furui, S.",
    title = "Implementation and Evaluation of Fast On-the-fly {WFST} Composition Algorithms",
    booktitle = "Proc. {  Interspeech}",
    pages = "2110--2113",
    year = "2008"
    }
    
    @inproceedings{oonishi09,
    author = "Oonishi, T.  and Dixon, P. R. and Iwano, K. and Furui, S.",
    title = "GENERALIZATION OF SPECIALIZED ON-THE-FLY COMPOSITION",
    booktitle = "Proc. {ICASSP}",
    pages = "4317--4320",
    year = "2009"
    }
    
     @inproceedings{dixon12,
    author = "Dixon, P. R. and Hori, C. and Kashioka, H.",
    title = "A COMPARISON OF DYNAMIC {WFST} DECODING APPROACHES",
    booktitle = "Proc. {ICASPP}",
    pages = "4209--4212",
    year = "2012"
    }

@article{liu07,
 author = {Y. Liu and H. Jones and S. Vaidya and M. Perrone and B. Tydlit\'{a}t and A. K. Nanda},
 title = {Speech recognition systems on the cell broadband engine processor},
 journal = {IBM J. Res. Dev.},
 volume = {51},
 number = {5},
 year = {2007},
 issn = {0018-8646},
 pages = {583--591},
 publisher = {IBM Corp.},
 address = {Riverton, NJ, USA},
 }

@techreport{chong08,
    Author = {Chong, Jike and Yi, Youngmin and Faria, Arlo and Satish, Nadathur Rajagopalan and Keutzer, Kurt},
    Title = {Data-Parallel Large Vocabulary Continuous Speech Recognition on Graphics Processors},
    Institution = {EECS Department, University of California, Berkeley},
    Year = {2008},
    Month = {May},
    Number = {UCB/EECS-2008-69}
}

@article{mohri08,
 author = {Mohri, M. and Pereira, F. C. N and Riley, M.},
 title = {Speech recognition with weighted finite-state transducers},
 journal = {Springer Handbook of Speech Processing},
 pages = {1--31},
 year = {2008}
 }

@INPROCEEDINGS{sphinx403,
    author = {Lamere, P and Kwok, P and Walker, W and Gouvea, E. and Singh, R and Raj, B and Wolf, P},
    title = {Design of the {CMU} Sphinx-4 Decoder},
    pages = {1181--1184},
    booktitle = {Proc. {EUROSPEECH}},
    year = {2003}
}

@INPROCEEDINGS{mohri01,
    author = {Mehryar Mohri and Micheal Riley},
    title = {A Weight Pushing Algorithm for Large Vocabulary Speech Recognition},    
    booktitle = {Proc. {EUROSPEECH}},
    year = {2001}
}

@INPROCEEDINGS{apsipa,
    author = {Paul R. Dixon and Sadaoki Furui},
    title = {Introduction to the Use of Weighted Finite State Transducers ({WFSTs}) in Speech and Language Processing},
    booktitle = {Proc. {APSIPA}},
    year = {2009}
}

@article{mohri09,
 author = {Mohri, M.},
 title = {Weighted automata algorithms},
 journal = {Springer Handbook of weighted automata},
 year = {(to appear) 2009}
 }	

@inproceedings{volkov08,
 author = {Volkov, V and Demmel, J W.},
 title = {Benchmarking {GPUs} to tune dense linear algebra},
 booktitle = {Proc. ACM/IEEE conference on Supercomputing},
 year = {2008},
 pages = {1--11}
 }

@inproceedings{hts,
  author = {Heiga Zen and Keiichiro Oura and Takashi Nose and
                   Junichi Yamagishi and Shinji Sako and Tomoki Toda and
                   Takashi Masuko and Alan W. Black and Keiichi Tokuda},
  title = {Recent development of the {HMM}-based speech synthesis
                   system ({HTS})},
  booktitle = {Proc. APSIPA},    
  year = {2009}
}

@inproceedings{bangalore06,
 author = {Srinivas Bangalore and Stephan Kanthak and Patrick Haffner},
 title = {Finite-State Transducer-based Statistical Machine Translation using Joint Probabilities},
 booktitle = {Proc. IWSLT06},
 year = {2006},
 pages = {16--22}
 }
 
 @inproceedings{dyer07,
 author = {Christopher J. Dyer},
 title = {The University of Maryland Translation System for IWSLT 2007},
 booktitle = {Proc. IWSLT07},
 year = {2007},
 pages = {16--22}
 }
 
 
@article{cortes08,
  author    = {Corinna Cortes and
               Mehryar Mohri and
               Ashish Rastogi and
               Michael Riley},
  title     = {On the Computation of the Relative Entropy of Probabilistic
               Automata},
  journal   = {Int. J. Found. Comput. Sci.},
  volume    = {19},
  number    = {1},
  year      = {2008},
  pages     = {219-242}  
}

@inproceedings{hoang08,
    author = {Hoang, Hieu and Koehn, Philipp},         
    pages = {58--65},    
    booktitle = {Proc. Software Engineering, Testing, and Quality Assurance for Natural Language Processing},
    title = {{Design of the Moses Decoder for Statistical Machine Translation}},    
    year = {2008},
 }

@inproceedings{mitlm,
    author = {Bo-June (Paul) Hsu and James Glass},
    pages = {58--65},    
    booktitle = {Proc. Interspeech},
    title = {{Iterative Language Model Estimation: Efficient Data Structure \& Algorithms}},    
    year = {2008},
 } 

@article{zaidan09,
  author    = {Omar Zaidan},
  title     = {{Z-MERT}: A Fully Configurable Open Source Tool for Minimum Error Rate Training of Machine Translation Systems},
  journal   = { The Prague Bulletin of Mathematical Linguistics},  
  number    = {91},
  year      = {2009},
  pages     = {79--88}  
}

 "," Proc. Eurospeech 2001, Aalborg, Denmark, September 2001

@inproceedings{hazen01,
    author = {T. J. Hazen and I. Lee Hetherington and A. Park},
    pages = {58--65},    
    booktitle = {Proc. Eurospeech},
    title = {{FST-Based Recognition Techniques for Multi-Lingual and Multi-Domain Spontaneous Speech}},    
    year = {2001},
 } 

@inproceedings{fordyce07,
		author = {Cameron S. Fordyce},
  	pages = {1--12},    
    booktitle = {Proc. IWSLT 2007},
    title = {{Overview of the {IWSLT} 2007 Evaluation Campaign}},    
    year = {2007},
}

@inproceedings{he11,
		author = {Xiaodong He and Li Deng and Alex Acero},
  	pages = {5632--5635},    
    booktitle = {Proc. ICASSP 2011},
    title = {{Why word error rate is not a good metric for speech recognizer training for the speech translation task?}},    
    year = {2011}
}

@inproceedings{arora08,
    author = {Karunesh Arora and Michael Paul and Eiichiro Sumita},
    pages = {70--75},    
    booktitle = {Proc. of 1st International Workshop on Spoken Languages Technologies for Under-resourced languages},
    title = {Translation of unknown words in phrase-based Statistical Machine Translation for languages of rich morphology.},    
    year = {2008},
 } 
 
 @inproceedings{roark11,
    author = {Brian Roark and Richard Sproat and Izhak Shafran. },
    pages = {1--5},    
    booktitle = {Proc. ACL},
    title = {Lexicographic Semirings for Exact Automata Encoding of Sequence Models}, 
    year = {2011},
 }
 
 @inproceedings{willet02,
     author = {Daniel  Willett and Shigeru Katagiri},
    title = { Recent advances in efficient decoding combining on-line transducer composition and smoothed language model incorporation},
    pages = {713--716},
		booktitle = {Proc. {ICASSP}},
    year = {2002}
}

@inproceedings{caseiro10,
    author = {Diamantino Caseiro},
    title = {{WFST} compression for automatic speech recognition},
    pages = {1493--1496},
		booktitle = {Proc. {Interspeech}},
    year = {2010}
}

@inproceedings{mcdonough07,
    author = {John McDonough and  Emilian Stoimenov and Dietrich Klakow},
    title = {An Algorithm for Fast Composition of Weighted Finite-State Transducers},
    pages = {1--4},
		booktitle = {Proc. {ASRU}},
    year = {2007}
 }
 
 @ARTICLE{hori07,
 author = {Takaaki Hori and Chiori Hori and Yasuhiro Minami and Atsushi Nakamura},
 title = {Efficient {WFST}-based one-pass decoding with on-the-fly hypothesis rescoring in extremely large vocabulary continuous speech recognition},
 journal ={IEEE Transactions on Audio, Speech and Language Processing},
 year = {2007},
 volume = {15},
 pages = {1352--1365}
 }
  
 @inproceedings{soltau09,
    author = {H. Soltau and G. Saon},
    title = {Dynamic network decoding revisited },
    pages = {276--281},
		booktitle = {Proc. {ASRU}},
    year = {2009}
 }
 
@inproceedings{caseiro01,
    author = {Diamantino Caseiro and Isabel Trancoso},
    title = {Transducer composition for on-the-fly lexicon and language model integration },
    pages = {393--396},
		booktitle = {Proc. {ASRU}},
    year = {2001}
}

@inproceedings{riley97,
    author = {Michael Riley and Fernando Pereira and Mohryar Mohri},
    title = {Transducer Composition for Context-Dependent Network Expansion},
    pages = {1427-1430},
		booktitle = {Proc. {Eurospeech}},
    year = {1997}
}

@inproceedings{riley95,
    author = {Michael Riley and Andrej Ljolje and Don Hindle and Fernando Pereira},
    title = {The {ATT} 60,000 Word Speech-to-Text System},
    pages = {207--210},
		booktitle = {Proc. {ESCA}},
    year = {1995}
}

@inproceedings{mohri98,
    author = {Mehryar Mohri and Michael Riley and Don Hindle and Andrej Ljolje and Fernando Pereira},
    title = {Full Expansion Of Context-Dependent Networks In Large Vocabulary Speech Recognition },
    pages = {393--396},
		booktitle = {Proc. {ICASSP}},
    year = {1998}
}	
	
@inproceedings{pereira94,
    author = {Fernando Pereira and Michael Riley and Richard Sproat },
    title = {Weighted Rational Transductions and their Application to Human Language Processing},
    pages = {262--267},
		booktitle = {Proc. {HLT} '94 Proceedings of the workshop on Human Language Technology},
    year = {1994}
}

@inproceedings{chen03,
    author = {Stanley F. Chen},
    title = {Compiling large-context phonetic decision trees into finite-state transducers},
    pages = {1169--1172},
		booktitle = {Proc. {Eurospeech}},
    year = {2003}
}

@TechReport{pereira96,
  author = {Fernando Pereira and Michael Riley},
  title = {Speech Recognition by Composition of Weighted
Finite Automata},  
  institution = {{AT\&T} Research},
  year = {1996},
}

@inproceedings{rybach11,
    author = {D. Rybach and R. Schluter and H. Ney},
    title = {A Comparative Analysis of Dynamic Network Decoding},
    pages = {5184--5187},
		booktitle = {Proc. {ICASPP}},
    year = {2011}
}

@TechReport{ouellet06,
  author = {Ouellet},
  title = {Direct Generation of States to Phones {FST}},  
  institution = {Crim},
  year = {2006}
}

@inproceedings{novak10,
    author = {Novak, Josef R. and Dixon, Paul R. and Furui, Sadaoki },
    title = {An empirical comparison of the t3, juicer, HDecode and sphinx3 decoders},
    pages = {1890--1893},
		booktitle = {Proc. {Interspeech}},
    year = {2010}
}

@inproceedings{shafran11,
    author = {Izhak Shafran, Richard Sproat, Mahsa Yarmohammadi and Brian Roark},
    booktitle = {Proc. ASRU},
    title = {Efficient Determinization of Tagged Word Lattices using Categorial and Lexicographic Semirings}, 
    year = {2011},
    note = {To appear}
 }
 
  @inproceedings{povey12,
    author = {Daniel Povey and Mirko Hannemann and Gilles Boulianne and Luk\'{a}\v{s} Burget and  Arnab Ghoshal and Milo\v{s} Janda and Martin Karafi\'{a}t and Stefan Kombrink and Petr Motl\'{i}\v{c}ek and Yanmin Qian and Ngoc Thang Vu and Korbinian Riedhammer and Karel Vesel\'{y}},
    title = {GENERATING EXACT LATTICES IN THE {WFST} FRAMEWORK}, 
    year = {2012},
    booktitle = {Proc. ICASSP}
 }
 
 @inproceedings{saon07,
    author = {Saon, G. and Picheny, M.},
    booktitle = {Proc. ASRU},
    title = {Lattice-based Viterbi decoding techniques for speech translation }, 
    year = {2007},
    pages = {386 -- 389 }
 }
 
 @inproceedings{sarikaya07,
    author = {Sarikaya, R. and Bowen, Z and Povey, D. and Afify, M. and Yuqing Gao},
    booktitle = {Proc. ICASSP},
    title = {The Impact of {ASR} errors on Speech-to-Speech Translation Performance}, 
    year = {2007},
    pages = {1289 -- 1292}
 }
 
 @ARTICLE{gispert10,
 author = {Adria de Gispert and Gonzalo Iglesias and Graeme Blackwood and Eduardo R. Banga and William Byrne},
 title = {Hierarchical Phrase-Based Translation with Weighted Finite-State Transducers and Shallow-n Grammars},
 journal ={Computational Linguistics},
 year = {2010},
 volume = {36},
 pages = {505--533},
 issue = {4}
 }
 
@ARTICLE{matusov11,
 author = {Matusov, E. and Ney, H.},
 title = {Lattice-Based {ASR-MT} Interface for Speech Translation},
 journal ={IEEE Transactions on Audio, Speech and Language Processing},
 year = {2011},
 volume = {19},
 pages = {721--732},
 issue = {4}
 }
 
 @ARTICLE{bertoldi08,
 author = {Bertoldi, N. and Zens, R. and Federico, M. and Shen, W.},
 title = {Efficient Speech Translation Through Confusion Network Decoding },
 journal ={IEEE Transactions on Audio, Speech and Language Processing},
 year = {2008},
 volume = {16},
 pages = {1696 -- 1705},
 issue = {8}
 }
 
 @ARTICLE{kumar06,
 author = {Shankar Kumar and Yonggang Deng and William Byrne},
 title = {A Weighted Finite State Transducer Translation Template Model for Statistical Machine Translation},
 journal ={Natural Language Engineering},
 year = {2006},
 volume = {12},
 pages = {35 -- 75},
 issue = {1}
 }
  
@incollection {caseiro06slt,
   author = {Diamantino Caseiro and Isabel Trancoso},   
   title = {Weighted Finite-State Transducer Inference for Limited-Domain Speech-to-Speech Translation},
   booktitle = {Computational Processing of the Portuguese Language},   
   pages = {60-68},
   volume = {3960},   
   year = {2006}
}

@ARTICLE{bangalore02,
 author = {Srinivas Bangalore and Giuseppe Riccardi},
 title = {Stochastic Finite-State Models for Spoken Language Machine Translation},
 journal ={Machine Translation },
 year = {2002},
 volume = {17},
 pages = {165 -- 184},
 issue = {3}
 }
 
 @INPROCEEDINGS{vidal97,
    author = {Enrique Vidal},
    title = {Finite-State Speech-To-Speech Translation},
    booktitle = {Proc. ICASSP},
    year = {1997},
    pages = {111--114}
}

@inproceedings{weintraub1995lvcsr,
  title={LVCSR log-likelihood ratio scoring for keyword spotting},
  author={Weintraub, M.},
  booktitle={Acoustics, Speech, and Signal Processing, 1995. ICASSP-95., 1995 International Conference on},
  volume={1},
  pages={297--300},
  year={1995},
  organization={IEEE}
}

@INPROCEEDINGS{casacuberta01,
    author = {F. Casacuberta},
    title = {Finite-State Transducers For Speech-Input Translation},
    booktitle = {Proc. ASRU},
    year = {2001}
}

@INPROCEEDINGS{shen07,
    author = {Shen, W. and Delaney, B. W. and Anderson, T. and Slyh, R.},
    title = {The {MIT-LL/AFRL} {IWSLT-2007} MT System},
    booktitle = {Proc. IWSLT},
    year = {2007}
}

@article{Brown92,
 author = {Brown, Peter F. and deSouza, Peter V. and Mercer, Robert L. and Pietra, Vincent J. Della and Lai, Jenifer C.},
 title = {Class-based n-gram models of natural language},
 journal = {Computer Linguistics}, 
 volume = {18},
 number = {4},
 month = {Dec},
 year = {1992}, 
 pages = {467--479} 
} 


@article{allauzen2003efficient,
  title={Efficient algorithms for testing the twins property},
  author={Allauzen, C. and Mohri, M.},
  journal={Journal of Automata, Languages and Combinatorics},
  volume={8},
  number={2},
  pages={117--144},
  year={2003}
}

@article{buchsbaum2000determinization,
  title={On the determinization of weighted finite automata},
  author={Buchsbaum, A.L. and Giancarlo, R. and Westbrook, J.R.},
  journal={SIAM Journal on Computing},
  volume={30},
  number={5},
  pages={1502--1531},
  year={2000},
  publisher={SIAM}
}

@article{mohri2012disambiguation,
  title={A Disambiguation Algorithm for Finite Automata and Functional Transducers},
  author={Mohri, M.},
  journal={Implementation and Application of Automata},
  pages={265--277},
  year={2012},
  publisher={Springer}
}

@PHDTHESIS{hoffmeister2011phd,
    AUTHOR = {Bjorn Hoffmeister},
    TITLE = {Bayes Risk Decoding and its Application to System Combination},
    YEAR = {2011}}

@inproceedings{ljolje1999efficient,
  title={Efficient general lattice generation and rescoring},
  author={Ljolje, A. and Pereira, F. and Riley, M.},
  booktitle={Sixth European Conference on Speech Communication and Technology},
  year={1999}
}


@inproceedings{dixon2012comparison,
  title={A comparison of dynamic {WFST} decoding approaches},
  author={Dixon, P.R. and Hori, C. and Kashioka, H.},
  booktitle={proc. of ICASSP},
  pages={4209--4212},
  year={2012},
  organization={IEEE}
}

@article{mohri2003edit,
  title={Edit-distance of weighted automata: general definitions and algorithms},
  author={Mohri, M.},
  journal={International Journal of Foundations of Computer Science},
  volume={14},
  number={06},
  pages={957--982},
  year={2003},
  publisher={World Scientific}
}

@article{schalkwyk2010google,
  title={Google Search by Voice: A case study},
  author={Schalkwyk, J. and Beeferman, D. and Beaufays, F. and Byrne, B. and Chelba, C. and Cohen, M. and Strope, B.},
	journal={Advances in Speech Recognition: Mobile Environments, Call Centers and Clinics}, 
  year={2010},
	pages={61--90}
}

@misc{voicetra,
  Author = {NICT},
  HowPublished = {\url{http://mastar.jp/translation/voicetra-en.html}},  
  Title = {VoiceTra}  
}

@misc{siri,
  Author = {Apple},
  HowPublished = {\url{http://www.apple.com/ios/siri/}},
  Title = {Siri}  
}


@misc{asmjs,
  Author = {David Herman and Luke Wagner and Alon Zakai},
  HowPublished = {\url{http://asmjs.org/spec/latest/}},
  Title = {asm.js Working Draft},
	year={2013}
}

@misc{zakai2013big,
  Author = {ALON ZAKAI},
  HowPublished = {\url{http://kripken.github.com/mloc_emscripten_talk/#/}},
  Title = {Big Web App? Compile it},
	year={2013}
}

@misc{lljs,
  Author = {Mozilla Foundation and Michael Bebenita and Shu-yu Guo and Stephen Crane},
  HowPublished = {\url{http://mbebenita.github.com/LLJS/}},
  Title = {LLJS : Low-Level JavaScript},
}

@misc{cmusphinx,
  Author = {Carnegie Mellon University},
  HowPublished = {\url{http://cmusphinx.sourceforge.net/}},
  Title = {{CMU} Sphinx Open Source Toolkit For Speech Recognition},
}

@inproceedings{zhao2012general,
  title={A general discriminative training algorithm for speech recognition using weighted finite-state transducers},
  author={Zhao, Y. and Ljolje, A. and Caseiro, D. and Juang, B.H.},
  booktitle={Acoustics, Speech and Signal Processing (ICASSP), 2012 IEEE International Conference on},
  pages={4217--4220},
  year={2012},
  organization={IEEE}
}

@inproceedings{trancoso2004spoken,
  title={Spoken language processing using weighted finite state transducers},
  author={Trancoso, Isabel and Caseiro, Diamantino Antonio},
  booktitle={Proceedings of Special Workshop in Maui: Lectures by Masters in
		Speech Processing},
	year={2004}
}

@inproceedings{rybach10direct,
	title = {Direct Construction of Compact Context-Dependency Transducers From Data},
	author  = {David Rybach and Michael Riley},
	year  = 2010,
	booktitle = {Proc. Interspeech}
}

@inproceedings{povey2011kaldi,
  title={The Kaldi speech recognition toolkit},
  author={Povey, Daniel and Ghoshal, Arnab and Boulianne, Gilles and Burget, Luk{\'a}{\v{s}} and Glembek, Ondrej and Goel, Nagendra and Hannemann, Mirko and Motl{\i}cek, Petr and Qian, Yanmin and Schwarz, Petr and others},
	booktitle = {Proc. ASRU},
	year = {2011}
}


@article{hori2013speech,
author = {Hori, Takaaki and Nakamura, Atsushi},
title = {Speech Recognition Algorithms Using Weighted Finite-State Transducers},
journal = {Synthesis Lectures on Speech and Audio Processing},
volume = {9},
number = {1},
pages = {1-162},
year = {2013}
}

@inproceedings{guo2012lattice,
  title={Lattice generation with accurate word boundary in WFST framework},
  author={Guo, Yuhong and Si, Yujing and Liu, Yong and Pan, Jielin and Yan, Yonghong},
  booktitle={Proc. CISP},
  pages={1592--1595},
  year={2012}
}

@inproceedings{dixon2013lattices,
  title={An Investigation into Lattices Generated From WFST Based Decoders},
  author={Dixon, Paul R. and Hori, Chiori, and Kashioka, Hideki},
  booktitle={Proc. ASJ Spring Meeting},
  pages={1592--1593},
  year={2013}
}


@article{mohri2002generic,
  title={GENERIC EPSILON REMOVAL AND INPUT EPSILON NORMALIZATION ALGORITHMS FOR WEIGHTED TRANSDUCERS},
  author={Mohri, Mehryar},
  journal={International Journal of Foundations of Computer Science},
  volume={13},
  number={01},
  pages={129--143},
  year={2002}
}

@inproceedings{roark12,
  added-at = {2012-08-15T00:00:00.000+0200},
  author = {Roark, Brian and Sproat, Richard and Allauzen, Cyril and Riley, Michael and Sorensen, Jeffrey and Tai, Terry},
  booktitle = {ACL (System Demonstrations)},
  pages = {61-66},
  title = {The OpenGrm open-source finite-state grammar software libraries.},
  year = {2012}
}


@article{germann13,
  author    = {Ulrich Germann}, 
  title     = {Makefiles for Moses},
  journal   = {Prague Bull. Math. Linguistics},
  volume    = {100},
  year      = {2013},
  pages     = {9--18}
}

@article{johnson14,
  author    = {Ian Johnson},
  title     = {Pipeline Creation Language for Machine Translation},
  journal   = {Prague Bull. Math. Linguistics},
  volume    = {101.1},
  year      = {2014},
  pages     = {55--69}
}


"" 
The Prague Bulletin of Mathematical Linguistics, 
101.1 (2014): 55-69. 
